@article{REITSMA2003147,
title = "Evaluating the control rod modelling approach used in the South African PBMR: comparison of VSOP calculations with ASTRA experiments",
journal = "Nuclear Engineering and Design",
volume = "222",
number = "2",
pages = "147 - 159",
year = "2003",
note = "HTR-2002 1st international topical meeting on High Temperature reactor technology",
issn = "0029-5493",
doi = "https://doi.org/10.1016/S0029-5493(03)00009-8",
url = "http://www.sciencedirect.com/science/article/pii/S0029549303000098",
author = "F. Reitsma and D. Naidoo"

}@article{BERNNAT2003331,
title = "Models for reactor physics calculations for HTR pebble bed modular reactors",
journal = "Nuclear Engineering and Design",
volume = "222",
number = "2",
pages = "331 - 347",
year = "2003",
note = "HTR-2002 1st international topical meeting on High Temperature reactor technology",
issn = "0029-5493",
doi = "https://doi.org/10.1016/S0029-5493(03)00036-0",
url = "http://www.sciencedirect.com/science/article/pii/S0029549303000360",
author = "W. Bernnat and W. Feltes"
}

@PROCEEDINGS{htr2006,
  title = {COMPARISON OF VSOP AND MCNP RESULTS OF PBMR EQUILIBRIUM CORE MODELS},
  booktitle = {Proc.HTR2006 and 3rd International Topical Meeting on High Temperature Reactor Technology},
  address = {Johannesburg, South Africa},
  year = {2006}
}

@article{HAQUE2006475,
title = "Thermal response of a modular high temperature reactor during passive cooldown under pressurized and depressurized conditions",
journal = "Nuclear Engineering and Design",
volume = "236",
number = "5",
pages = "475 - 484",
year = "2006",
note = "HTR-2004",
issn = "0029-5493",
doi = "https://doi.org/10.1016/j.nucengdes.2005.10.027",
url = "http://www.sciencedirect.com/science/article/pii/S0029549306000343",
author = "H. Haque and W. Feltes and G. Brinkmann"
}

@article{ROUSSEAU2006555,
title = "Validation of a transient thermal-fluid systems CFD model for a packed bed high temperature gas-cooled nuclear reactor",
journal = "Nuclear Engineering and Design",
volume = "236",
number = "5",
pages = "555 - 564",
year = "2006",
note = "HTR-2004",
issn = "0029-5493",
doi = "https://doi.org/10.1016/j.nucengdes.2005.11.016",
url = "http://www.sciencedirect.com/science/article/pii/S0029549306000239",
author = "P.G. Rousseau and C.G. du Toit and W.A. Landman"
}

@PROCEEDINGS{icapp07,
  title = {Analysis of the Neutron Flux Spectral Differences and Effects on the Depletion in the Fuel Kernels of the PBMR Fuel Spheres},
  booktitle = {Proceedings of ICAPP},
  address = {Nice, France},
  year = {2007}
}

@techreport{vsop1,
	title={V.S.O.P (99/05) Computer Code System for Reactor Physics and Fuel Cycle Simulation},
	author={K. J. R\"{u}tten, K. A. Haas, H. Brockmann, and W. Scherer},
	year={2005},
	institution={Forschungszentrum J\"{u}lich GmbH},
}

@techreport{vsop2,
	title={Computer Code System V.S.O.P (99/11) Update 2011 of V.S.O.P (99)-Version 2009 CODE MANUAL},
	author={K. J. R\"{u}tten, K. A. Haas, and C. Pohl},
	year={2009},
	institution={Forschungszentrum J\"{u}lich GmbH},
}

@article{DING20093105,
title = "Evaluation of experiments in the AVR with the DALTON–THERMIX coupled code system",
journal = "Nuclear Engineering and Design",
volume = "239",
number = "12",
pages = "3105 - 3115",
year = "2009",
note = "Flexible Conversion Fast Reactors Special Section with Regular Papers",
issn = "0029-5493",
doi = "https://doi.org/10.1016/j.nucengdes.2009.09.028",
url = "http://www.sciencedirect.com/science/article/pii/S0029549309004865",
author = "M. Ding and B. Boer and J.L. Kloosterman and D. Lathouwers"

}
@article{ZHENG2012286,
title = "Thermal hydraulic analysis of a pebble-bed modular high temperature gas-cooled reactor with ATTICA3D and THERMIX codes",
journal = "Nuclear Engineering and Design",
volume = "246",
pages = "286 - 297",
year = "2012",
note = "Selected and expanded papers from International Conference Nuclear Energy for New Europe 2010, Portoro?, Slovenia, September 6-9, 2010",
issn = "0029-5493",
doi = "https://doi.org/10.1016/j.nucengdes.2012.02.014",
url = "http://www.sciencedirect.com/science/article/pii/S0029549312000921",
author = "Yanhua Zheng and J. Lapins and E. Laurien and L. Shi and Z. Zhang"

}@article{CHEN2014352,
title = "Investigation on the pebble bed flow model in VSOP",
journal = "Nuclear Engineering and Design",
volume = "271",
pages = "352 - 355",
year = "2014",
note = "SI : HTR 2012",
issn = "0029-5493",
doi = "https://doi.org/10.1016/j.nucengdes.2013.11.061",
url = "http://www.sciencedirect.com/science/article/pii/S0029549313006468",
author = "Hao Chen and Li Fu"

}@article{ZHOU201383,
title = "Thermal hydraulic simulation of reactor of HTR-PM based on thermal-fluid network and SIMPLE algorithm",
journal = "Progress in Nuclear Energy",
volume = "62",
pages = "83 - 93",
year = "2013",
issn = "0149-1970",
doi = "https://doi.org/10.1016/j.pnucene.2012.09.007",
url = "http://www.sciencedirect.com/science/article/pii/S0149197012001217",
author = "Yangping Zhou and Kefeng Zhou and Yuanle Ma and Zhe Sui",
keywords = "Thermal-hydraulic simulation, Thermal-fluid network, SIMPLE algorithm, HTR-PM"
}

@mastersthesis{Lauri,
    author    = "Lauri Halla-aho",
    title     = "Development of an HTR-10 model in the Serpent reactor physics code",
    school    = "Faculty of Technology, Lappeenranta University of Technology",
    year      = "2014",
}

@mastersthesis{boer,
    author    = "Brian BOER",
    title     = "Optimized Core Design and Fuel Management of a Pebble-Bed Type Nuclear Reactor",
    school    = "Delft University of Technology",
    year      = "2009",
}

@mastersthesis{zwaan,
    author    = "S. J. de Zwaan",
    title     = "The Liquid Salt Pebble Bed Reactor A new high-temperature nuclear reactor",
    school    = "Delft University of Technology",
    year      = "2005",
}

@article{XHONNEUX2014370,
title = "Progress on the development of a new fuel management code to simulate the movement of pebble and block type fuel elements in a very high temperature reactor core",
journal = "Nuclear Engineering and Design",
volume = "271",
pages = "370 - 378",
year = "2014",
note = "SI : HTR 2012",
issn = "0029-5493",
doi = "https://doi.org/10.1016/j.nucengdes.2013.12.004",
url = "http://www.sciencedirect.com/science/article/pii/S0029549313006791",
author = "Andre Xhonneux and Stefan Kasselmann and Hans-Jochem Rütten and Kai Becker and Hans-Josef Allelein"
}

@article{LI2014411,
title = "Solution of multiple circuits of steam cycle HTR system",
journal = "Nuclear Engineering and Design",
volume = "271",
pages = "411 - 416",
year = "2014",
note = "SI : HTR 2012",
issn = "0029-5493",
doi = "https://doi.org/10.1016/j.nucengdes.2013.12.010",
url = "http://www.sciencedirect.com/science/article/pii/S0029549313006857",
author = "Fu Li and Dengying Wang and Chen Hao and Yanhua Zheng"
}

@article{homogenisasi,
author = "Maurice Grimod and Richard Sanchez and Fr\'{e}d\'{e}ric Damian",
title = {A dynamic homogenization model for pebble bed reactors},
journal = {Journal of Nuclear Science and Technology},
volume = {52},
number = {7-8},
pages = {932-944},
year  = {2015},
publisher = {Taylor \& Francis},
doi = {10.1080/00223131.2015.1037809}
}

@article{cam,
author = "Micha\l Dudek, Marek Jaszczur",
title = {Thermodynamic modeling of high-temperature combined cycle for hydrogen and electricity co-production},
journal = {Computer Assisted Methods in Engineering and Science},
volume = {22},
number = {4},
pages = {315-327},
year  = {2015}
}

@article{WU2017393,
title = "Numerical simulation of heat transfer in packed pebble beds: CFD-DEM coupled with particle thermal radiation",
journal = "International Journal of Heat and Mass Transfer",
volume = "110",
pages = "393 - 405",
year = "2017",
issn = "0017-9310",
doi = "https://doi.org/10.1016/j.ijheatmasstransfer.2017.03.035",
url = "http://www.sciencedirect.com/science/article/pii/S0017931016331386",
author = "Hao Wu and Nan Gui and Xingtuan Yang and Jiyuan Tu and Shengyao Jiang",
keywords = "Particle, Gas particle flow, Thermal radiation, Packed pebble beds, CFD-DEM"
}

@article{aksel,
title = "INVESTIGATION ON THERMAL-FLOW CHARACTERISTICS OF HTGR CORE USING THERMIX-KONVEK MODULE AND VSOP'94 CODE",
journal = "Jurnal Teknologi Reaktor Nuklir",
volume = "17",
pages = "41 - 54",
year = "2015",
issn = "1411–240X",
author = "Sudarmono",
keywords = "Thermal-Flow, VSOP’94, Thermix-Konvek, HTGR, temperature"
}

@article{GOU201811,
title = "Preliminary phenomena identification and ranking tables on the subject of the High Temperature Gas-cooled Reactor-Pebble Bed Module thermal fluids and accident analysis",
journal = "Nuclear Engineering and Design",
volume = "332",
pages = "11 - 21",
year = "2018",
issn = "0029-5493",
doi = "https://doi.org/10.1016/j.nucengdes.2018.03.022",
url = "http://www.sciencedirect.com/science/article/pii/S0029549318302930",
author = "Feng Gou and Fubing Chen and Yujie Dong",
keywords = "PIRT, HTR-PM, Accident analysis"
}

@article{ZHENG2018763,
title = "Study on the DLOFC and PLOFC accidents of the 200 MWe pebble-bed modular high temperature gas-cooled reactor with TINTE and SPECTRA codes",
journal = "Annals of Nuclear Energy",
volume = "120",
pages = "763 - 777",
year = "2018",
issn = "0306-4549",
doi = "https://doi.org/10.1016/j.anucene.2018.06.041",
url = "http://www.sciencedirect.com/science/article/pii/S0306454918303426",
author = "Yanhua Zheng and Marek M. Stempniewicz and Zhipeng Chen and Lei Shi",
keywords = "High temperature gas-cooled reactor, Code to code validation, DLOFC, PLOFC, TINTE, SPECTRA"
}

@inproceedings{tsdipura2,
title="Cooling Passive Safety Features of Reaktor Daya Eksperimental",
author="T. Setiadipura and S. Bakhri and G. R. Sunaryo and D. S. Wisnubroto",
year="2017",
booktitle="AIP Proceeding of International Conference on Thermal Science and Technology"
}

@inproceedings{triac1,
	doi = {10.1088/1742-6596/1198/2/022035},
	url = {https://doi.org/10.1088%2F1742-6596%2F1198%2F2%2F022035},
	year = "2019",
	month = {apr},
	publisher = "{IOP} Publishing",
	volume = {1198},
	number = {2},
	pages = {022035},
	author = {A. A. Waskita and T. Setiadipura},
	title = "The development of {TRIAC}-{BATAN}: a triso fuel performance analysis code",
	journal = {Journal of Physics: Conference Series}
}

@inproceedings{lhs,
title="Study on Effect of Latin Hypercube Sampling method in TRISO Fuel Performance Analysis",
author="A. A. Waskita and N. A. Wahanani and A. Purwaningsih and T. Setiadipura",
year="2018",
booktitle="Proceeding of HTR 2018"
}

@article{JIANG2017107,
title = "A service-oriented architecture for coupling web service models using the Basic Model Interface (BMI)",
journal = "Environmental Modelling \& Software",
volume = "92",
number = "Supplement C",
pages = "107 - 118",
year = "2017",
issn = "1364-8152",
doi = "https://doi.org/10.1016/j.envsoft.2017.01.021",
url = "http://www.sciencedirect.com/science/article/pii/S1364815216311525",
author = "Peishi Jiang and Mostafa Elag and Praveen Kumar and Scott Dale Peckham and Luigi Marini and Liu Rui",
keywords = "Integrated modeling, Service-oriented architecture, The Basic Model Interface, EMELI-Web"
}

@article{VERFONDERN201484,
title = "Conclusions from V\&V studies on the German codes PANAMA and FRESCO for HTGR fuel performance and fission product release",
journal = "Nuclear Engineering and Design",
volume = "271",
number = "",
pages = "84 - 91",
year = "2014",
note = "SI : HTR 2012",
issn = "0029-5493",
doi = "http://dx.doi.org/10.1016/j.nucengdes.2013.11.015",
url = "http://www.sciencedirect.com/science/article/pii/S0029549313005992",
author = "K. Verfondern and J. Cao and T. Liu and H.-J. Allelein",
}

@techreport{report1,
	title={The Mathematical Basis of the PANAMA-I Code for Modelling Pressure Vessel Failure of TRISO Coated Particles under Accident Conditions},
	author={K. Verfondern and H. Nabielek},
	year={1990},
	institution={Julich Research Center, Germany},
}

@misc{whitebox,
	title = "White-Box Testing",
	howpublished = "http://agile.csc.ncsu.edu/SEMaterials/WhiteBox.pdf",
	author = "Laurie Williams",
	note = {Accessed: 2016-03-15}
}

@ARTICLE{iso,
journal={ISO/IEC/IEEE 24765:2010(E)},
title={Systems and software engineering -- Vocabulary},
year={2010},
pages={1-418},
keywords={IEEE standards;ISO standards;software engineering;IEEE Computer Society;IEEE Standard Glossary of Software Engineering Terminology;IEEE Std 610.12-1990;International Standard;Project Management Institute;information technology field;systems engineering;Dictionaries;IEC standards;IEEE standards;ISO standards;Software engineering;computer;dictionary;information technology;software engineering;systems engineering;terminology;vocabulary},
doi={10.1109/IEEESTD.2010.5733835},
month={Dec},}
